<record><leader>00000cas a22000007a 4500</leader><controlfield tag="001">34093994</controlfield><controlfield tag="008">960127d18uu19uuinuwr ne      0    0eng d</controlfield><datafield ind1=" " ind2=" " tag="010"><subfield code="a">sn 95067537 </subfield></datafield><datafield ind1=" " ind2=" " tag="040"><subfield code="a">NPI</subfield><subfield code="b">eng</subfield><subfield code="c">NPI</subfield><subfield code="d">OCLCQ</subfield></datafield><datafield ind1=" " ind2=" " tag="042"><subfield code="a">msc</subfield></datafield><datafield ind1="0" ind2=" " tag="130"><subfield code="a">Weekly breeze (Monroeville, Ind.)</subfield></datafield><datafield ind1="1" ind2="4" tag="245"><subfield code="a">The weekly breeze.</subfield></datafield><datafield ind1=" " ind2=" " tag="260"><subfield code="a">Monroeville, Allen Co., Ind. :</subfield><subfield code="b">John D. Alleger</subfield></datafield><datafield ind1=" " ind2=" " tag="300"><subfield code="a">v.</subfield></datafield><datafield ind1=" " ind2=" " tag="310"><subfield code="a">Weekly</subfield></datafield><datafield ind1=" " ind2=" " tag="515"><subfield code="a">Issues for June 7, 1884- called also New ser. v. 1, no. 2-</subfield></datafield><datafield ind1=" " ind2=" " tag="588"><subfield code="a">Description based on: Vol. 15, no. 42 (Jan. 3, 1884).</subfield></datafield><datafield ind1=" " ind2=" " tag="752"><subfield code="a">United States</subfield><subfield code="b">Indiana</subfield><subfield code="c">Allen</subfield><subfield code="d">Monroeville.</subfield></datafield></record>